

@Article{Tejomurtula1999,
  author = 	 {Tejomurtula, Sreenivas and Kak, Subbhash},
  title = 	 {Inverse kinematics in robotics using neural networks},
  journal = 	 {Information sciences},
  year = 	 {1999},
  OPTkey = 	 {},
  volume = 	 {116},
  OPTnumber = 	 {},
  pages = 	 {147--164},
  OPTmonth = 	 {},
  OPTnote = 	 {},
  OPTannote = 	 {}
}

@Article{Kalman1963,
  author =       "Kalman, R. E.",
  title =        "Mathematical description of linear dynamical systems",
  journal =      "j-J-SOC-IND-APPL-MATH-A-ON-CONTROL",
  volume =       "1",
  OPTnumber =       "??",
  pages =        "152--192",
  OPTmonth =        "????",
  year =         "1963",
  ISSN =         "0887-4603",
  MRclass =      "152--192 (1963). 70.49",
  MRnumber =     "27 #2147",
  OPTbibdate =      "Wed Dec 9 08:50:21 MST 1998",
  OPTbibsource =    "ftp://ftp.ira.uka.de/pub/bibliography/Misc/Discrete.event.bib",
  OPTacknowledgement = ack-nhfb,
}

@Book{Bronstein1989,
  author = 	 {Bronstein, I.N. and Semendjajew, K.A.},
  ALTeditor = 	 {},
  title = 	 {Taschenbuch der Mathematik},
  publisher = 	 {Harri Deutsch},
  year = 	 {1989},
  OPTkey = 	 {},
  OPTvolume = 	 {},
  OPTnumber = 	 {},
  OPTseries = 	 {},
  address = 	 {Thun and Frankfurt/Main},
  edition = 	 {24},
  OPTmonth = 	 {},
  OPTnote = 	 {},
  OPTannote = 	 {}
}

@Book{Proakis1996,
  author = 	 {Proakis, John G. and Manolakis, Dimitris G.},
  ALTeditor = 	 {},
  title = 	 {Digital Signal Processing },
  publisher = 	 {Prentice-Hall},
  year = 	 {1996},
  OPTkey = 	 {},
  OPTvolume = 	 {},
  OPTnumber = 	 {},
  OPTseries = 	 {},
  address = 	 {New Jersey},
  OPTedition = 	 {},
  OPTmonth = 	 {},
  OPTnote = 	 {},
  OPTannote = 	 {}
}

@Book{Diniz2002,
  author = 	 {Diniz, Paulo S. R.},
  ALTeditor = 	 {},
  title = 	 {Digital Signal Processing},
  publisher = 	 {Cambridge university press},
  year = 	 {2002},
  OPTkey = 	 {},
  OPTvolume = 	 {},
  OPTnumber = 	 {},
  OPTseries = 	 {},
  address = 	 {Cambridge},
  OPTedition = 	 {},
  OPTmonth = 	 {},
  OPTnote = 	 {},
  OPTannote = 	 {}
}

@Book{Azzo1988,
  author = 	 {D'Azzo, John J.},
  ALTeditor = 	 {},
  title = 	 {Linear Control System analysis and design},
  publisher = 	 {Mc Graw},
  year = 	 {1988},
  OPTkey = 	 {},
  OPTvolume = 	 {},
  OPTnumber = 	 {},
  OPTseries = 	 {},
  address = 	 {New York},
  OPTedition = 	 {},
  OPTmonth = 	 {},
  OPTnote = 	 {},
  OPTannote = 	 {}
}

@Book{Phillips2000,
  author = 	 {Phillips, Charles L.},
  ALTeditor = 	 {},
  title = 	 {Feedback control systems },
  publisher = 	 {Prentice-Hall International (UK)},
  year = 	 {2000},
  OPTkey = 	 {},
  OPTvolume = 	 {},
  OPTnumber = 	 {},
  OPTseries = 	 {},
  address = 	 {London},
  OPTedition = 	 {},
  OPTmonth = 	 {},
  OPTnote = 	 {},
  OPTannote = 	 {}
}

@Article{Kalman60,
  author = 	 {Kalman, R.E.},
  title = 	 {A new approach to linear filtering and prediction theory},
  journal = 	 {Trans. ASME, J. Bas. Engineer. Series D},
  year = 	 {1960},
  OPTkey = 	 {},
  volume = 	 {82},
  number = 	 {1},
  pages = 	 {34--45},
  OPTmonth = 	 {},
  OPTnote = 	 {},
  OPTannote = 	 {}
}

@Book{Doetsch61,
  author = 	 {Doetsch, Gustav},
  ALTeditor = 	 {},
  title = 	 {Guide to the Applications of the Laplace and z-Transforms},
  publisher = 	 {Van Nostrand-Reinhold},
  year = 	 {1961},
  OPTkey = 	 {},
  OPTvolume = 	 {},
  OPTnumber = 	 {},
  OPTseries = 	 {},
  address = 	 {London},
  OPTedition = 	 {},
  OPTmonth = 	 {},
  OPTnote = 	 {function 1/(s(1+e^-as))},
  OPTannote = 	 {}
}

@Book{Harmuth72,
  author = 	 {Harmuth, Henning F.},
  ALTeditor = 	 {},
  title = 	 {Transmission of Information by Orthogonal Functions},
  publisher = 	 {Springer},
  year = 	 {1972},
  OPTkey = 	 {},
  OPTvolume = 	 {},
  OPTnumber = 	 {},
  OPTseries = 	 {},
  address = 	 {Berlin},
  OPTedition = 	 {},
  OPTmonth = 	 {},
  OPTnote = 	 {},
  OPTannote = 	 {}
}

@Book{Vaidyanathan93,
  author = 	 {Vaidyanathan, P.P.},
  ALTeditor = 	 {},
  title = 	 {Multirate Systems and Filter Banks},
  publisher = 	 {Prentice Hall, PTR},
  year = 	 {1993},
  OPTkey = 	 {},
  OPTvolume = 	 {},
  OPTnumber = 	 {},
  OPTseries = 	 {},
  address = 	 {Englewood Cliffs, New Jersey},
  OPTedition = 	 {},
  OPTmonth = 	 {},
  OPTnote = 	 {},
  OPTannote = 	 {}
}

@Article{Karniel2000,
  author = 	 {Karniel, Amir},
  title = 	 {Human Motor Control: Learning to Control a Time
                  Varying, Nonlinear, Many-to-One System},
  journal = 	 {IEEE Trans. on SMC part C},
  year = 	 {2000},
  OPTkey = 	 {},
  volume = 	 {30},
  number = 	 {1},
  OPTpages = 	 {},
  OPTmonth = 	 {},
  OPTnote = 	 {},
  OPTannote = 	 {}
}

@Book{Waters91,
  author = 	 {Waters, Allan},
  ALTeditor = 	 {},
  title = 	 {Active filter design},
  publisher = 	 {Macmillan},
  year = 	 {1991},
  OPTkey = 	 {},
  OPTvolume = 	 {},
  OPTnumber = 	 {},
  OPTseries = 	 {},
  address = 	 {Hampshire},
  OPTedition = 	 {},
  OPTmonth = 	 {},
  OPTnote = 	 {},
  OPTannote = 	 {}
}

@Book{Nise1992,
  author = 	 {Nise, Norman S.},
  ALTeditor = 	 {},
  title = 	 {Control Systems Engineering},
  publisher = 	 {Cummings},
  year = 	 {1992},
  OPTkey = 	 {},
  OPTvolume = 	 {},
  OPTnumber = 	 {},
  OPTseries = 	 {},
  address = 	 {New York},
  OPTedition = 	 {},
  OPTmonth = 	 {},
  OPTnote = 	 {},
  OPTannote = 	 {}
}

@InCollection{Sollecito81,
  author = 	 {Sollecito, W.E and Reque, S.G},
  title = 	 {Stability},
  booktitle = 	 {Fundamentals of System Analysis},
  OPTcrossref =  {},
  OPTkey = 	 {},
  OPTpages = 	 {},
  publisher =    {Wiley},
  year = 	 {1981},
  editor = 	 {Fitzgerald, Jerry},
  OPTvolume = 	 {},
  OPTnumber = 	 {},
  OPTseries = 	 {},
  OPTtype = 	 {},
  chapter = 	 {21},
  address = 	 {New York},
  OPTedition = 	 {},
  OPTmonth = 	 {},
  OPTnote = 	 {Stability Analysis},
  OPTannote = 	 {}
}

@Book{McGillen84,
  author =       {McGillem, Clare D. and Cooper, George R.},
  ALTeditor =    {},
  title =        {Continous and discrete signal and system analysis},
  publisher =    {CBS publishing},
  year =         {1984},
  OPTkey =       {},
  OPTvolume =    {},
  OPTnumber =    {},
  OPTseries =    {},
  address =      {New York},
  OPTedition =   {},
  OPTmonth =     {},
  OPTnote =      {},
  OPTannote =    {}
}

@Book{Palm2000,
  author = 	 {Palm, William J.},
  ALTeditor = 	 {},
  title = 	 {Modeling, Analysis and Control of Dynamic Systems},
  publisher = 	 {Wiley},
  year = 	 {2000},
  OPTkey = 	 {},
  OPTvolume = 	 {},
  OPTnumber = 	 {},
  OPTseries = 	 {},
  address = 	 {New York},
  OPTedition = 	 {},
  OPTmonth = 	 {},
  OPTnote = 	 {Disturbance Compensation},
  OPTannote = 	 {}
}

@Book{Blinchikoff76,
  author = 	 {Blinchikoff, Herman J},
  ALTeditor = 	 {},
  title = 	 {Filtering in the Time and Frequency Domain},
  publisher = 	 {Wiley},
  year = 	 {1976},
  OPTkey = 	 {},
  OPTvolume = 	 {},
  OPTnumber = 	 {},
  OPTseries = 	 {},
  address = 	 {New York},
  OPTedition = 	 {},
  OPTmonth = 	 {},
  OPTnote = 	 {},
  OPTannote = 	 {}
}

@Book{Therrien92,
  author = 	 {Terrien, Charles},
  ALTeditor = 	 {},
  title = 	 {Discrete Random Signals and Statistical Signal Processing},
  publisher = 	 {Prentice Hall},
  year = 	 {1992},
  OPTkey = 	 {},
  OPTvolume = 	 {},
  OPTnumber = 	 {},
  OPTseries = 	 {},
  address = 	 {Englewood Cliffs, London},
  OPTedition = 	 {},
  OPTmonth = 	 {},
  OPTnote = 	 {},
  OPTannote = 	 {}
}

@Book{Stewart60,
  author =       {Stewart, John L.},
  ALTeditor =    {},
  title =        {Fundamentals of {S}ignal {T}heory},
  publisher =    {Mc Graw-Hill},
  year =         {1960},
  OPTkey =       {},
  OPTvolume =    {},
  OPTnumber =    {},
  OPTseries =    {},
  address =      {New York},
  OPTedition =   {},
  OPTmonth =     {},
  OPTnote =      {Plancherel's theorem!!!},
  OPTannote =    {}
}

@Book{Bozic94,
  author =       {Bozic,S. M.},
  ALTeditor =    {},
  title =        {Digital and Kalman filtering:
                  an introduction to discrete-time filtering 
                  and optimum linear estimation},
  publisher =    {E. Arnold},
  year =         {1994},
  OPTkey =       {},
  OPTvolume =    {},
  OPTnumber =    {},
  OPTseries =    {},
  address =      {London},
  OPTedition =   {},
  OPTmonth =     {},
  OPTnote =      {},
  OPTannote =    {}
}


@Book{Bozic79,
  author =       {Bozic,S. M.},
  ALTeditor =    {},
  title =        {Digital and Kalman filtering:
                  an introduction to discrete-time filtering 
                  and optimum linear estimation},
  publisher =    {The Gresham Press},
  year =         {1979},
  OPTkey =       {},
  OPTvolume =    {},
  OPTnumber =    {},
  OPTseries =    {},
  address =      {Old Woking, Surrey},
  OPTedition =   {},
  OPTmonth =     {},
  OPTnote =      {},
  OPTannote =    {}
}



@Book{Haykin91,
  author =       {Haykin, S. S.},
  ALTeditor =    {},
  title =        {Adaptive filter theory},
  publisher =    {Prentice Hall},
  year =         {1991},
  OPTkey =       {},
  OPTvolume =    {},
  OPTnumber =    {},
  OPTseries =    {},
  address =      {Englewood Cliffs},
  OPTedition =   {},
  OPTmonth =     {},
  OPTnote =      {},
  OPTannote =    {}
}

@Book{Goodwin84,
  author = 	 {Goodwin, Graham C. and Kwai Sang Sin},
  ALTeditor = 	 {},
  title = 	 {Adaptive Filtering, Prediction and Control},
  publisher = 	 {Prentice-Hall},
  year = 	 {1984},
  OPTkey = 	 {},
  OPTvolume = 	 {},
  OPTnumber = 	 {},
  OPTseries = 	 {},
  address = 	 {Englewood Cliffs},
  OPTedition = 	 {},
  OPTmonth = 	 {},
  OPTnote = 	 {},
  OPTannote = 	 {}
}

