@incollection{NIPS2002_2245,
title = {Learning a Forward Model of a Reflex},
author = {Bernd Porr and Florentin W\"{o}rg\"{o}tter},
booktitle = {Advances in Neural Information Processing Systems 15},
editor = {S. Becker and S. Thrun and K. Obermayer},
pages = {1555--1562},
year = {2003},
publisher = {MIT Press},
url = {http://papers.nips.cc/paper/2245-learning-a-forward-model-of-a-reflex.pdf}
}

@Article{Geng2006,
  author = 	 {Geng, Tao and Porr, Bernd and {W\"{o}rg\"{o}tter}, Florentin},
  title = 	 {Fast Biped Walking with A Sensor-driven Neuronal Controller and Real-time Online Learning},
  journal = 	 {International Journal of Robotics Research},
  year = 	 {2006},
  OPTkey = 	 {},
  volume = 	 {25},
  number = 	 {3},
  pages = 	 {243--259},
  month = 	 {March},
  OPTnote = 	 {},
  OPTannote = 	 {}
}

@Unpublished{Porr2007neco,
  author = 	 {Porr, Bernd and {W\"{o}rg\"{o}tter}, Florentin},
  title = 	 {Learning with ``Relevance'': 
                  Using a third factor to stabilise Hebbian learning},
  note = 	 {accepted a Neural Compuation},
  OPTkey = 	 {},
  OPTmonth = 	 {},
  year = 	 {2007},
  OPTannote = 	 {}
}

@InProceedings{Soell2006,
  author = 	 {Soell, Sven and Porr, Bernd},
  title = 	 {A VCO Based Digital Microphone Utilizing a 
                  FIR Sigma Delta Converter},
  booktitle = 	 {Proceedings of MIXDES 2006 Conference},
  OPTcrossref =  {},
  OPTkey = 	 {},
  OPTpages = 	 {},
  year = 	 {2006},
  editor = 	 {Andrzej Napieralski},
  OPTvolume = 	 {},
  OPTnumber = 	 {},
  OPTseries = 	 {},
  address = 	 {Gdynia, Poland},
  OPTmonth = 	 {},
  organization = {IEEE},
  OPTpublisher = {},
  note = 	 {ISBN: 83-922632-1-9},
  OPTannote = 	 {}
}

@InCollection{Thompson2006,
  author = 	 {Thompson, Adedoyin Maria and Porr, Bernd
                  and W\"org\"otter, Florentin},
  title = 	 {Stabilising Hebbian Learning with a Third
                  Factor in a Food Retrieval Task},
  booktitle = 	 {LNCS/LNAI 4095},
  OPTcrossref =  {},
  OPTkey = 	 {},
  pages = 	 {313--322},
  publisher =    {Springer},
  year = 	 {2006},
  editor = 	 {Nolfi, Stefano},
  OPTvolume = 	 {},
  OPTnumber = 	 {},
  series = 	 {Lecture Notes in Computer Science},
  OPTtype = 	 {},
  OPTchapter = 	 {},
  address = 	 {Heidelberg},
  OPTedition = 	 {},
  OPTmonth = 	 {},
  OPTnote = 	 {},
  OPTannote = 	 {}
}

@Article{Porr2006cf,
  author = 	 {Porr, Bernd and Egerton, Alice and
                  {W\"{o}rg\"{o}tter}, Florentin},
  title = 	 {Towards Closed Loop Information: Predictive Information},
  journal = 	 {Constructivist Foundations},
  year = 	 {2006},
  OPTkey = 	 {},
  volume = 	 {1},
  number = 	 {2},
  pages = 	 {83--90},
  OPTmonth = 	 {},
  OPTnote = 	 {},
  OPTannote = 	 {}
}

@Misc{Porr2006biosys,
  OPTkey = 	 {},
  author = 	 {Porr, Bernd and {W\"{o}rg\"{o}tter}, Florentin},
  title = 	 {Fast heterosynaptic learning in a robot food retrieval task inspired by the limbic system},
  howpublished = {accepted at Biosystems},
  OPTmonth = 	 {},
  year = 	 {2006},
  OPTnote = 	 {},
  OPTannote = 	 {}
}

@Article{Saudargiene2004,
  author = 	 {Saudargiene, Ausra and Porr, Bernd and {W\"{o}rg\"{o}tter}, Florentin},
  title = 	 {How the shape of pre- and postsynaptic signals can influence STDP: 
                  A biophysical model},
  journal = 	 { Neural Comp.},
  year = 	 {2004},
  OPTkey = 	 {},
  volume = 	 {16},
  OPTnumber = 	 {},
  pages = 	 {595--626},
  OPTmonth = 	 {},
  OPTnote = 	 {},
  OPTannote = 	 {}
}


@InProceedings{Porr2004nips,
  title = 	 {Analytical solution of spike-timing dependent plasticity based on synaptic biophysics},
  year = 	 {2004},
  OPTkey = 	 {},
  author = 	 {Porr, Bernd and {W\"{o}rg\"{o}tter}, Florentin},  
  editor = 	 {Sebastian Thrun and Lawrence Saul and Bernhard Sch\"olkopf},
  volume = 	 {16},
  OPTnumber = 	 {},
  booktitle = 	 {Advances in Neural Information Processing Systems},
  address = 	 {Cambridge, MA},
  OPTmonth = 	 {},
  OPTorganization = {},
  publisher = {MIT Press},
  OPTnote = 	 {},
  OPTannote = 	 {}
}

@Article{Porr2006ICO,
  author = 	 {Porr, Bernd and {W\"{o}rg\"{o}tter}, Florentin},
  title = 	 {Strongly improved stability and faster convergence of 
                  temporal sequence learning by utilising input correlations only},
  journal = 	 {Neural Computation},
  year = 	 {2006},
  OPTkey = 	 {},
  volume = 	 {18},
  number = 	 {6},
  pages = 	 {1380--1412},
  OPTmonth = 	 {},
  OPTnote = 	 {},
  OPTannote = 	 {}
}

@Misc{Tamosiunaite2006,
  OPTkey = 	 {},
  author = 	 {Tamosiunaite, Minija and
                  Porr, Bernd and 
                  {W\"{o}rg\"{o}tter}, Florentin},
  title = 	 {Temporally changing synaptic plasticity},
  howpublished = {Advances in Neural Information Processing Systems 18. 
                  MIT Press, Cambridge, MA (in press)},
  OPTmonth = 	 {},
  year = 	 {2006},
  OPTnote = 	 {},
  OPTannote = 	 {}
}

Minija Tamosiunaite, Bernd Porr, Florentin Woergoetter (2006) Temporally changing synaptic plasticity. Advances in Neural Information Processing Systems 18. MIT Press, Cambridge, MA (accepted).




@Article{Woergoetter2005,
  author = 	 {{W\"{o}rg\"{o}tter}, Florentin and Porr, Bernd},
  title = 	 {Temporal sequence learning, prediction and control - 
                  A review of different models and their relation to biological mechanisms},
  journal = 	 {Neural Comp},
  year = 	 {2005},
  OPTkey = 	 {},
  volume = 	 {17},
  OPTnumber = 	 {},
  pages = 	 {245--319},
  OPTmonth = 	 {},
  OPTnote = 	 {},
  OPTannote = 	 {}
}

@incollection {NIPS2003_NS13,
  author = " Bernd Porr and  Ausra Saudargiene and  Florentin {W\"{o}rg\"{o}tter}",
  title = " Analytical Solution of Spike-timing Dependent Plasticity Based on Synaptic Biophysics",
  booktitle = "Advances in Neural Information Processing Systems 16",
  editor = "Sebastian Thrun and Lawrence Saul and Bernhard {Sch\"{o}lkopf}",
  publisher = "MIT Press",
  address = "Cambridge, MA",
  year = "2004",
  keywords = "synaptic plasticity, spike timing, unsupervised learning, analytical predictions",
  }


@InProceedings{Porr2005,
  author = 	 {Porr, Bernd and W{\"o}rg{\"o}tter, Florentin},
  title = 	 {Non-hebbian synaptic plasticity allows for the stable
                  implementation of one-shot predicitive learning},
  booktitle = 	 {30th G{\"o}ttingen neurobiology conference},
  OPTcrossref =  {},
  OPTkey = 	 {},
  OPTpages = 	 {},
  year = 	 {2005},
  OPTeditor = 	 {},
  OPTvolume = 	 {},
  OPTnumber = 	 {},
  OPTseries = 	 {},
  address = 	 {G{\"o}ttingen},
  OPTmonth = 	 {},
  OPTorganization = {},
  OPTpublisher = {},
  note = 	 {(in press)},
  OPTannote = 	 {}
}


@Article{PorrNecoInvco2003,
  author = 	 {Porr, Bernd and von Ferber, Christian and W\"org\"otter,
                  Florentin},
  title = 	 {{ISO}-learning approximates a solution to the
                  inverse-controller problem
                  in an unsupervised behavioural paradigm},
  journal = 	 {Neural Comp.},
  year = 	 {2003},
  OPTkey = 	 {},
  volume = 	 {15},
  OPTnumber = 	 {},
  pages = 	 {865--884},
  OPTmonth = 	 {},
  OPTnote = 	 {},
  OPTannote = 	 {}
}


@Article{PorrNecoISO2003,
  author = 	 {Porr, Bernd and W\"org\"otter,
                  Florentin},
  title = 	 {{I}sotropic {S}equence {O}rder Learning},
  journal = 	 {Neural Comp.},
  year = 	 {2003},
  OPTkey = 	 {},
  volume = 	 {15},
  OPTnumber = 	 {},
  pages = 	 {831--864},
  OPTmonth = 	 {},
  OPTnote = 	 {},
  OPTannote = 	 {}
}

@Article{PorrBio2001,
  author = 	 {Porr, Bernd and W{\"o}rg{\"o}tter, Florentin},
  title = 	 {Isotropic Sequence Order Learning using a
                  Novel Linear Algorithm in a Closed Loop Behavioural System},
  journal = 	 {Biosystems},
  year = 	 {2002},
  OPTkey = 	 {},
  volume = 	 {67},
  number = 	 {1--3},
  pages = 	 {195--202},
  OPTmonth = 	 {},
  OPTnote = 	 {},
  OPTannote = 	 {}
}

@InProceedings{PorrWoe01,
  author = 	 {Porr, Bernd and W{\"o}rg{\"o}tter, Florentin},
  title = 	 {Temporal Hebbian Learning in Rate-Coded Neural
                  Networks: A Theoretical Approach towards Classical
                  Conditioning},
  booktitle = 	 {Artificial Neural Networks --- ICANN 2001},
  OPTcrossref =  {},
  OPTkey = 	 {},
  pages = 	 {1115--1120},
  year = 	 {2001},
  editor = 	 {Dorffner, Georg and Bischof, Horst and Hornik, Kurt},
  volume = 	 {2130},
  OPTnumber = 	 {},
  OPTseries = 	 {},
  address = 	 {Berlin},
  OPTmonth = 	 {},
  OPTorganization = {},
  publisher =    {Springer},
  OPTnote = 	 {},
  OPTannote = 	 {}
}

@Article{PorrWoeNeurocomp2002,
  author = 	 {Porr, Bernd and W\"org\"otter, Florentin},
  title = 	 {Predictive learning in rate-coded neuronal
                  networks: a theoretical approach towards classical
                  conditioning},
  journal = 	 {Neurocomputing},
  year = 	 {2002},
  OPTkey = 	 {},
  volume = 	 {44--46},
  OPTnumber = 	 {},
  pages = 	 {585--590},
  OPTmonth = 	 {},
  OPTnote = 	 {},
  OPTannote = 	 {}
}

@InProceedings{Porr2002constr,
  author = 	 {Porr, Bernd and W\"org\"otter, Florentin},
  title = 	 {Autonomy, self-reference and contingency in computational
                  neuroscience},
  booktitle = 	 {Radical Communication: Rethinking Interaction and Dialogue},
  OPTcrossref =  {},
  OPTkey = 	 {},
  OPTpages = 	 {},
  year = 	 {2002},
  editor = 	 {Grant, Colin B.},
  OPTvolume = 	 {},
  OPTnumber = 	 {},
  OPTseries = 	 {},
  address = 	 {Heriot Watt University, Edinburgh},
  OPTmonth = 	 {},
  OPTorganization = {},
  OPTpublisher = {},
  OPTnote = 	 {},
  OPTannote = 	 {}
}

@Article{Porr2005kyb,
  author = 	 {Porr, Bernd and W\"org\"otter, Florentin},
  title = 	 {What means Embodiment for Radical Constructivists?},
  journal = 	 {Kybernetes},
  year = 	 {2005},
  OPTkey = 	 {},
  OPTvolume = 	 {},
  OPTnumber = 	 {},
  pages = 	 {105--117},
  OPTmonth = 	 {},
  OPTnote = 	 {},
  OPTannote = 	 {}
}

@InProceedings{Porr2002wgw,
  author = 	 {Porr, Bernd and W\"org\"otter, Florentin},
  booktitle = 	 {EPSRC/BBSRC International Workshop -
                  Biologically-Inspired Robotics:
                  The Legacy of W. Grey Walter},
  title = 	 {Isotropic Sequence Order Learning in a
                  Closed Loop Behavioural System},
  OPTcrossref =  {},
  OPTkey = 	 {},
  OPTpages = 	 {},
  OPTyear = 	 {2002},
  OPTeditor = 	 {},
  OPTvolume = 	 {},
  OPTnumber = 	 {},
  OPTseries = 	 {HP technical report},
  OPTaddress = 	 {Bristol},
  OPTmonth = 	 {},
  organization = {Hewlett-Packard},
  OPTpublisher = {},
  OPTnote = 	 {},
  OPTannote = 	 {}
}

@Article{Porr2003rsoc,
  author = 	 {Porr, Bernd and W\"org\"otter, Florentin},
  title = 	 {Isotropic sequence order learning in a 
                  closed loop behavioural system},
  journal = 	 {Roy. Soc. Phil. Trans.
                  Math., Phys. \& Eng. Sciences},
  year = 	 {2003},
  OPTkey = 	 {},
  volume = 	 {361},
  number = 	 {1811},
  pages = 	 {2225--2244},
  OPTmonth = 	 {},
  OPTnote = 	 {},
  OPTannote = 	 {}
}

@Article{Porr2002ijcv,
  author = 	 {Porr, Bernd and W\"org\"otter, Florentin},
  title = 	 {Stereoscopic depth analysis in video real-time by
                  means of causal electronic filters},
  journal = 	 {Int. J. Comp. Vis. (IJCV)},
  year = 	 {2002},
  OPTkey = 	 {},
  volume = 	 {49},
  number = 	 {1},
  pages = 	 {39--55},
  OPTmonth = 	 {},
  OPTnote = 	 {},
  OPTannote = 	 {}
}

@Book{Porr2002duv,
  author = 	 {Bernd Porr},
  ALTeditor = 	 {},
  title = 	 {Systemtheorie und Naturwissenschaft
                  Eine interdisziplindre Analyse von Niklas Luhmanns Werk},
  publisher = 	 {Deutscher Universit{\"a}ts-Verlag},
  year = 	 {2002},
  OPTkey = 	 {},
  OPTvolume = 	 {},
  OPTnumber = 	 {},
  OPTseries = 	 {},
  address = 	 {Wiesbaden},
  OPTedition = 	 {},
  OPTmonth = 	 {},
  OPTnote = 	 {},
  OPTannote = 	 {}
}

@Misc{Porr2001patent,
  OPTkey = 	 {},
  author = 	 {Porr, Bernd and W\"org\"otter, Florentin},
  title = 	 {Predictive Filter: Controller and Method of 
                  Controlling an Apparatus},
  howpublished = {EU patent},
  OPTmonth = 	 {},
  year = 	 {2001},
  note = 	 {Filed 5 june 2001 in the name of the University of Stirling,
                  Sold sept 2004.},
  OPTannote = 	 {}
}

@Article{Porr1998,
  author = 	 {Porr, Bernd and Cozzi, Alex and W\"org\"otter, Florentin},
  title = 	 {How to 'hear' visual disparities: real-time stereoscopic spatial depth analysis using temporal resonance},
  journal = 	 {Biol. Cybernet.},
  year = 	 {1998},
  OPTkey = 	 {},
  volume = 	 {78},
  number = 	 {5},
  pages = 	 {329--336},
  OPTmonth = 	 {},
  OPTnote = 	 {},
  OPTannote = 	 {}
}

@Misc{Porr1996,
  OPTkey = 	 {},
  author = 	 {Porr, Bernd and W\"org\"otter, Florentin},
  title = 	 {Verfahren zur dreidimensionalen Echtzeit-Stereobildanalyse},
  howpublished = {German patent},
  OPTmonth = 	 {},
  year = 	 {2000},
  note = 	 {filed 27 june 1996 in the name of the University of Bochum},
  OPTannote = 	 {}
}

