@Book{Glasersfeld1995,
  author = 	 {Glasersfeld, E. von},
  ALTeditor = 	 {},
  title = 	 {Radical Constructivism. A way of knowing and learning},
  publisher = 	 {Falmer Press},
  year = 	 {1995},
  OPTkey = 	 {},
  OPTvolume = 	 {},
  OPTnumber = 	 {},
  OPTseries = 	 {},
  address = 	 {London},
  OPTedition = 	 {},
  OPTmonth = 	 {},
  OPTnote = 	 {},
  OPTannote = 	 {}
}

@InCollection{vonFoerster60,
  author = 	 {Foerster, Heinz},
  title = 	 {On Self-Organizing Systems and Their Environments},
  booktitle = 	 {Self-Organizing Systems},
  OPTcrossref =  {},
  OPTkey = 	 {},
  pages = 	 {31--50},
  publisher =    {Pergamon Press},
  year = 	 {1960},
  editor = 	 {Yovits, M.C. and Cameron, S.},
  OPTvolume = 	 {},
  OPTnumber = 	 {},
  OPTseries = 	 {},
  OPTtype = 	 {},
  OPTchapter = 	 {},
  address = 	 {London},
  OPTedition = 	 {},
  OPTmonth = 	 {},
  OPTnote = 	 {},
  OPTannote = 	 {}
}





@Book{Schmidt94,
  ALTauthor = 	 {},
  editor = 	 {Schmidt, Siegfried J.},
  title = 	 {Der Diskurs des radikalen Konstruktivismus},
  publisher = 	 {Suhrkamp},
  year = 	 {1987},
  OPTkey = 	 {},
  OPTvolume = 	 {},
  OPTnumber = 	 {},
  OPTseries = 	 {},
  address = 	 {Frankfurt a.M.},
  OPTedition = 	 {},
  OPTmonth = 	 {},
  OPTnote = 	 {},
  OPTannote = 	 {}
}

@Book{Mele97,
  ALTauthor = 	 {},
  editor = 	 {Mele, Alfred R.},
  title = 	 {The Philosophy of Action},
  publisher = 	 {Oxford University Press},
  year = 	 {1997},
  OPTkey = 	 {},
  OPTvolume = 	 {},
  OPTnumber = 	 {},
  OPTseries = 	 {},
  address = 	 {Oxford},
  OPTedition = 	 {},
  OPTmonth = 	 {},
  OPTnote = 	 {},
  OPTannote = 	 {}
}

@InBook{Grant2002,
  author = 	 {Colin B. Grant},
  ALTeditor = 	 {},
  title = 	 {Functions and Fictions of Communication},
  chapter = 	 {3 Fictions of Dialogue},
  publisher = 	 {Peter Lang},
  year = 	 {2002},
  OPTkey = 	 {},
  OPTvolume = 	 {},
  OPTnumber = 	 {},
  OPTseries = 	 {},
  OPTtype = 	 {},
  address = 	 {Oxford},
  OPTedition = 	 {},
  OPTmonth = 	 {},
  pages = 	 {45--89},
  OPTnote = 	 {},
  OPTannote = 	 {}
}

@Book{Sommerhoff90,
  author = 	 {Sommerhoff, Gerd},
  ALTeditor = 	 {},
  title = 	 {Life, Brain, Consciousness},
  publisher = 	 {Elsevier},
  year = 	 {1990},
  OPTkey = 	 {},
  OPTvolume = 	 {},
  OPTnumber = 	 {},
  OPTseries = 	 {},
  address = 	 {North-Holland, Amsterdam},
  OPTedition = 	 {},
  OPTmonth = 	 {},
  note = 	 {K: Zeitreihenvorhersage als Paradigma des Nervensystems.},
  OPTannote = 	 {}
}





@Book{Anderson89,
  author = 	 {Anderson, David},
  ALTeditor = 	 {},
  title = 	 {Artificial Intelligence and intelligent systems:
                  The implications},
  publisher = 	 {Ellis Horwood LTD},
  year = 	 {1989},
  OPTkey = 	 {},
  OPTvolume = 	 {},
  OPTnumber = 	 {},
  OPTseries = 	 {},
  address = 	 {Chichester, England},
  OPTedition = 	 {},
  OPTmonth = 	 {},
  OPTnote = 	 {},
  OPTannote = 	 {}
}



@Book{Maturana80,
  author = 	 {Maturana, Humberto and Varela, Francisco J.},
  ALTeditor = 	 {},
  title = 	 {Autopoiesis and cognition: the realization of the living},
  publisher = 	 {Reidel},
  year = 	 {1980},
  OPTkey = 	 {},
  OPTvolume = 	 {},
  OPTnumber = 	 {},
  OPTseries = 	 {},
  address = 	 {Dordrecht},
  OPTedition = 	 {},
  OPTmonth = 	 {},
  OPTnote = 	 {},
  OPTannote = 	 {}
}



@Book{Ford95,
  ALTauthor = 	 {},
  editor = 	 {Ford, Kenneth M. and Hayes, Patrick J.},
  title = 	 {Android Epistemology},
  publisher = 	 {MIT-Press},
  year = 	 {1995},
  OPTkey = 	 {},
  OPTvolume = 	 {},
  OPTnumber = 	 {},
  OPTseries = 	 {},
  address = 	 {Cambridge},
  OPTedition = 	 {},
  OPTmonth = 	 {},
  OPTnote = 	 {},
  OPTannote = 	 {}
}


@Book{Luhmann95,
  author = 	 {Luhmann, Niklas},
  ALTeditor = 	 {},
  title = 	 {Social Systems},
  publisher = 	 {Stanford University Press},
  year = 	 {1995},
  OPTkey = 	 {},
  OPTvolume = 	 {},
  OPTnumber = 	 {},
  OPTseries = 	 {},
  address = 	 {Stanford, California},
  OPTedition = 	 {},
  OPTmonth = 	 {},
  OPTnote = 	 {},
  OPTannote = 	 {}
}

@Book{Piaget71,
  author = 	 {Piaget, Jean},
  ALTeditor = 	 {},
  title = 	 {Biology and Knowledge},
  publisher = 	 {Edinburgh University Press},
  year = 	 {1971},
  OPTkey = 	 {},
  OPTvolume = 	 {},
  OPTnumber = 	 {},
  OPTseries = 	 {},
  address = 	 {Edinburgh},
  OPTedition = 	 {},
  OPTmonth = 	 {},
  OPTnote = 	 {},
  OPTannote = 	 {}
}



@InCollection{Glasersfeld96,
  author = 	 {von Glasersfeld, Ernst},
  title = 	 {Learning and adaptation in constructivism},
  booktitle = 	 {Critical Readings on Piaget},
  OPTcrossref =  {},
  OPTkey = 	 {},
  pages = 	 {22--27},
  publisher =    {Routledge},
  year = 	 {1996},
  editor = 	 {Smith, Leslie},
  OPTvolume = 	 {},
  OPTnumber = 	 {},
  OPTseries = 	 {},
  OPTtype = 	 {},
  OPTchapter = 	 {},
  address = 	 {London and New York},
  OPTedition = 	 {},
  OPTmonth = 	 {},
  OPTnote = 	 {},
  OPTannote = 	 {}
}

@Book{Dorffner91,
  author = 	     {Dorffner, Georg},
  ALTeditor = 	  {},
  title = 		  {Konnektionsmus},
  publisher = 	  {Teubner},
  year = 		  {1991},
  OPTkey = 		  {},
  OPTvolume = 	  {},
  OPTnumber = 	  {},
  OPTseries = 	  {},
  address =      {Stuttgart},
  OPTedition =   {},
  OPTmonth = 	  {},
  OPTnote = 	  {},
  OPTannote = 	  {}
}

@Book{Klir88,
  author = 	 {Klir, George J. and Folger, Tina A.},
  ALTeditor = 	 {},
  title = 	 {Fuzzy sets, uncertainty and information},
  publisher = 	 {Prentice-Hall},
  year = 	 {1988},
  OPTkey = 	 {},
  OPTvolume = 	 {},
  OPTnumber = 	 {},
  OPTseries = 	 {},
  address = 	 {Eaglewood Cliffs, NJ},
  OPTedition = 	 {},
  OPTmonth = 	 {},
  note = 	 {K: Erörtert unterschiedliche Auffassungen von
                     Information, Komplexität, Unsicherheit, sehr gut!},
  OPTannote = 	 {}
}


@Book{Ashby72,
  author = 	 "Ashby, W. Ross",
  title = 	 "An introcduction to cybernetics",
  publisher = 	 "Methnen+Co LTD",
  year = 	 "1956",
  OPTcrossref =  "",
  OPTkey = 	 "",
  OPTeditor = 	 "",
  OPTvolume = 	 "",
  OPTnumber = 	 "",
  OPTseries = 	 "",
  address = 	 "London",
  OPTedition = 	 "",
  OPTmonth = 	 "",
  OPTnote = 	 "",
  OPTannote = 	 ""
}


@Book{Balian91,
  author = 	 {Balian, Roger},
  title = 	 {From microphysics to macrophysics : methods and 
		  applications of statistical physics},
  publisher = 	 {Springer Verlag},
  year = 	 {1991},
  OPTkey = 	 {},
  OPTeditor = 	 {},
  OPTvolume = 	 {},
  OPTnumber = 	 {},
  OPTseries = 	 {},
  OPTaddress = 	 {},
  OPTedition = 	 {},
  OPTmonth = 	 {},
  OPTnote = 	 {},
  OPTannote = 	 {}
}



@Book{Basar83,
  OPTauthor = 	 "",
  title = 	 "Synergetics of the Brain",
  publisher = 	 "Springer-Verlag",
  year = 	 "1983",
  OPTcrossref =  "",
  OPTkey = 	 "",
  editor = 	 "Ba{\c s}ar, E. and Flohr, H. and Mandell, A.J.",
  OPTvolume = 	 "",
  OPTnumber = 	 "",
  OPTseries = 	 "",
  address = 	 "Berlin",
  OPTedition = 	 "",
  OPTmonth = 	 "",
  OPTnote = 	 "",
  OPTannote = 	 ""
}


@Book{Bateson79,
  author = 	 "Bateson, Gregory",
  title = 	 "Mind and Nature --- A Necessary Unity",
  publisher = 	 "Wildwood House",
  year = 	 "1979",
  OPTcrossref =  "",
  OPTkey = 	 "",
  OPTeditor = 	 "",
  OPTvolume = 	 "",
  OPTnumber = 	 "",
  OPTseries = 	 "",
  address = 	 "Glasgow",
  OPTedition = 	 "",
  OPTmonth = 	 "",
  OPTnote = 	 "",
  OPTannote = 	 ""
}



@Book{Bertalanffy73,
  author = 	 {Bertalanffy, Ludwig von},
  ALTeditor = 	 {},
  title = 	 {General Systems Theory},
  publisher = 	 {Braziller},
  year = 	 {1973},
  OPTkey = 	 {},
  OPTvolume = 	 {},
  OPTnumber = 	 {},
  OPTseries = 	 {},
  address = 	 {New-York},
  OPTedition = 	 {},
  OPTmonth = 	 {},
  OPTnote = 	 {K: für Luhmann programmatisch.},
  annote = 	 {Bibl. Sprachwissenschaft (GB 3/41)
                                          10.7 276.1}
}

@Book{Boltzmann1896I,
  author = 	 "Boltzmann, Ludwig",
  title = 	 "Vorlesungen über Gastheorie, I.~Theil",
  publisher = 	 "Verlag von Johann Ambrosius Barth (Arthur Meiner)",
  year = 	 "1896",
  OPTcrossref =  "",
  OPTkey = 	 "",
  OPTeditor = 	 "",
  OPTvolume = 	 "",
  OPTnumber = 	 "",
  OPTseries = 	 "",
  address = 	 "Leipzig",
  OPTedition = 	 "",
  OPTmonth = 	 "",
  OPTnote = 	 "",
  OPTannote = 	 ""
}

@Book{Boltzmann1896II,
  author = 	 "Boltzmann, Ludwig",
  title = 	 "Vorlesungen über Gastheorie, II.~Theil",
  publisher = 	 "Verlag von Johann Ambrosius Barth (Arthur Meiner)",
  year = 	 "1896",
  OPTcrossref =  "",
  OPTkey = 	 "",
  OPTeditor = 	 "",
  OPTvolume = 	 "",
  OPTnumber = 	 "",
  OPTseries = 	 "",
  address = 	 "Leipzig",
  OPTedition = 	 "",
  OPTmonth = 	 "",
  OPTnote = 	 "",
  OPTannote = 	 ""
}

@Book{Brown69,
  author = 	 {Spencer Brown, G.},
  title = 	 {Laws of Form},
  publisher = 	 {George Allen und Unwin},
  year = 	 {1969},
  OPTkey = 	 {},
  OPTeditor = 	 {},
  OPTvolume = 	 {},
  OPTnumber = 	 {},
  OPTseries = 	 {},
  OPTaddress = 	 {London},
  OPTedition = 	 {},
  OPTmonth = 	 {},
  OPTnote = 	 {},
  OPTannote = 	 {}
}

@Book{Fuch92,
  author = 	 {Fuchs, Peter},
  title = 	 {Niklas Luhmann -- beobachtet: eine Einführung in
		  die Systemtheorie},
  publisher = 	 {Westdeutscher Verlag},
  year = 	 {1992},
  OPTkey = 	 {},
  OPTeditor = 	 {},
  OPTvolume = 	 {},
  OPTnumber = 	 {},
  OPTseries = 	 {},
  OPTaddress = 	 {Opladen},
  OPTedition = 	 {},
  OPTmonth = 	 {},
  note = 	 {UB-Bochum: CXA 11524. Luhmann als Theaterstück. Gute
		  Einführung!},
  OPTannote = 	 {}
}


@Book{Haken92,
  author = 	 "Haken, Hermann",
  title = 	 "Erfolgsgeheimnisse der Wahnehmung: Synergetik als
		  Schl{\"u}ssel zum Gehirn",
  publisher = 	 "Deutsche Verlags-Anstalt",
  year = 	 "1992",
  OPTcrossref =  "",
  OPTkey = 	 "",
  OPTeditor = 	 "",
  OPTvolume = 	 "",
  OPTnumber = 	 "",
  OPTseries = 	 "",
  address = 	 "Stuttgart",
  OPTedition = 	 "",
  OPTmonth = 	 "",
  OPTnote = 	 "",
  OPTannote = 	 ""
}

@Book{Haken95,
  author = 	 "Haken, Hermann",
  title = 	 "Entstehung von Biologischer Information und Ordnung",
  publisher = 	 "Wissenschaftliche Buchgesellschaft",
  year = 	 "1995",
  OPTcrossref =  "",
  OPTkey = 	 "",
  OPTeditor = 	 "",
  OPTvolume = 	 "",
  OPTnumber = 	 "",
  OPTseries = 	 "",
  address = 	 "Darmstadt",
  OPTedition = 	 "",
  OPTmonth = 	 "",
  OPTnote = 	 "",
  OPTannote = 	 ""
}

@Book{Hebb67,
  author = 	 "Hebb, Donald O.",
  title = 	 "The organization of behavior",
  publisher = 	 "Science Ed.",
  year = 	 "1967",
  OPTcrossref =  "",
  OPTkey = 	 "",
  OPTeditor = 	 "",
  OPTvolume = 	 "",
  OPTnumber = 	 "",
  OPTseries = 	 "",
  address = 	 "New York",
  OPTedition = 	 "",
  OPTmonth = 	 "",
  OPTnote = 	 "",
  OPTannote = 	 ""
}

@Book{Husserl92,
  author = 	 {Husserl, Edmund},
  title = 	 {Grundprobleme der Phänomenologie : 1910/11;
		  Text nach Husserliana, Bd. XIII},
  publisher = 	 {Meiner},
  year = 	 {1992},
  OPTkey = 	 {},
  OPTeditor = 	 {},
  OPTvolume = 	 {},
  OPTnumber = 	 {},
  OPTseries = 	 {},
  OPTaddress = 	 {},
  OPTedition = 	 {},
  OPTmonth = 	 {},
  OPTnote = 	 {},
  OPTannote = 	 {}
}

@Book{Kriz97,
  author = 	 "Kriz, J{\"u}rgen",
  title = 	 "Systemtheorie: eine Einf{\"u}hrung f{\"u}r
		  Psychotherapeuten, Psychologen und Mediziner",
  publisher = 	 "Facultas-Univ.-Verl.",
  year = 	 "1997",
  OPTcrossref =  "",
  OPTkey = 	 "",
  OPTeditor = 	 "",
  OPTvolume = 	 "",
  OPTnumber = 	 "",
  OPTseries = 	 "",
  address = 	 "Wien",
  OPTedition = 	 "",
  OPTmonth = 	 "",
  OPTnote = 	 "",
  OPTannote = 	 ""
}

@Book{Lenz95,
  author = 	 "Lenz, Anita and Meretz, Stefan",
  title = 	 "Neuronale Netze und Subjektivität",
  publisher = 	 "Vieweg",
  year = 	 "1995",
  OPTcrossref =  "",
  OPTkey = 	 "",
  OPTeditor = 	 "",
  OPTvolume = 	 "",
  OPTnumber = 	 "",
  OPTseries = 	 "",
  address = 	 "Braunschweig/Wiesbaden",
  OPTedition = 	 "",
  OPTmonth = 	 "",
  note = 	 "UB Bochum, WWB32092",
  OPTannote = 	 ""
}

		  
@Book{Luhmann90,
  author = 	 {Luhmann, Niklas and Maturana, Humberto and Namiki, Mikio
		  and Redder, Volker and Varela, Francisco},
  title = 	 {Beobachter},
  publisher = 	 {Wilhelm Fink Verlag},
  year = 	 {1990},
  OPTkey = 	 {},
  OPTeditor = 	 {},
  OPTvolume = 	 {},
  OPTnumber = 	 {},
  OPTseries = 	 {},
  OPTaddress = 	 {},
  OPTedition = 	 {},
  OPTmonth = 	 {},
  OPTnote = 	 {},
  OPTannote = 	 {}
}

@Book{Luhmann92,
  author = 	 {Luhmann, Niklas},
  title = 	 {Die Wissenschaft der Gesellschaft},
  publisher = 	 {Suhrkamp},
  year = 	 {1992},
  OPTkey = 	 {},
  OPTeditor = 	 {},
  OPTvolume = 	 {},
  OPTnumber = 	 {},
  OPTseries = 	 {},
  OPTaddress = 	 {Frankfurt am Main},
  OPTedition = 	 {},
  OPTmonth = 	 {},
  OPTnote = 	 {},
  OPTannote = 	 {}
}

@Book{Luhmann94,
  author =       "Luhmann, Niklas",
  title =        "Soziale Systeme",
  publisher =    "Suhrkamp",
  year =         "1984",
  OPTkey =       "",
  OPTeditor =    "",
  OPTvolume =    "",
  OPTnumber =    "",
  OPTseries =    "",
  address =      "Frankfurt am Main",
  OPTedition =   "",
  OPTmonth =     "",
  OPTnote =      "",
  OPTannote =    ""
}



		  
@Book{Luhmann96,
  author = 	 "Luhmann, Niklas",
  title = 	 "Die Realität der Massenmedien",
  publisher = 	 "Westdeutscher Verlag",
  year = 	 "1996",
  OPTcrossref =  "",
  OPTkey = 	 "",
  OPTeditor = 	 "",
  OPTvolume = 	 "",
  OPTnumber = 	 "",
  OPTseries = 	 "",
  address = 	 "Opladen",
  OPTedition = 	 "",
  OPTmonth = 	 "",
  OPTnote = 	 "",
  OPTannote = 	 ""
}
		  
@Book{Luhmann96Kunst,
  author = 	 "Luhmann, Niklas",
  title = 	 "Die Kunst der Gesellschaft",
  publisher = 	 "Suhrkamp",
  year = 	 "1996",
  OPTcrossref =  "",
  OPTkey = 	 "",
  OPTeditor = 	 "",
  OPTvolume = 	 "",
  OPTnumber = 	 "",
  OPTseries = 	 "",
  address = 	 "Frankfurt am Main",
  OPTedition = 	 "",
  OPTmonth = 	 "",
  OPTnote = 	 "",
  OPTannote = 	 ""
}
		  
		  
@Book{Maturana91,
  author = 	 "Maturana, Humberto R.",
  title = 	 "Der Baum der Erkenntnis: die biologischen 
		  Wurzeln des menschlichen Erkennens",
  publisher = 	 "Goldmann",
  year = 	 "1991",
  OPTcrossref =  "",
  OPTkey = 	 "",
  OPTeditor = 	 "",
  OPTvolume = 	 "",
  OPTnumber = 	 "",
  OPTseries = 	 "",
  address = 	 "M{\"u}nchen",
  OPTedition = 	 "",
  OPTmonth = 	 "",
  OPTnote = 	 "",
  OPTannote = 	 ""
}


@InCollection{Merten94,
  author = 	 "Schmidt, Siegfried J.",
  title = 	 "Konstruktivismus in der Medienforschung: Konzepte,
		  Kritiken, Konsequenzen",
  booktitle = 	 "Die Wirklichkeit der Medien",
  OPTcrossref =  "",
  OPTkey = 	 "",
  publisher =    "Westdeutscher Verlag",
  year = 	 "1994",
  editor = 	 "Merten, Klaus and Schmidt, J.~Siegfried and
		  Weischenberg, Siegfried",
  pages = 	 "592--619",
  OPTvolume = 	 "",
  OPTnumber = 	 "",
  OPTseries = 	 "",
  address = 	 "Opladen",
  OPTedition = 	 "",
  OPTmonth = 	 "",
  OPTtype = 	 "",
  OPTnote = 	 "",
  OPTannote = 	 ""
}


@Book{Mingers95,
  author = 	 "Mingers, John",
  title = 	 "Self-Producing Systems",
  publisher = 	 "Plenum Press",
  year = 	 "1995",
  OPTcrossref =  "",
  OPTkey = 	 "",
  OPTeditor = 	 "",
  OPTvolume = 	 "",
  OPTnumber = 	 "",
  OPTseries = 	 "",
  address = 	 "New York",
  OPTedition = 	 "",
  OPTmonth = 	 "",
  note = 	 "Fernleihe über TH Aachen",
  OPTannote = 	 ""
}

@Book{Parsons51,
  author = 	 "Parsons, Talcott",
  title = 	 "The Social System",
  publisher = 	 "Routledge \& Kegan Paul Ltd",
  year = 	 "1951",
  OPTcrossref =  "",
  OPTkey = 	 "",
  OPTeditor = 	 "",
  OPTvolume = 	 "",
  OPTnumber = 	 "",
  OPTseries = 	 "",
  address = 	 "London and Henley",
  OPTedition = 	 "",
  OPTmonth = 	 "",
  OPTnote = 	 "",
  OPTannote = 	 ""
}

@Book{Parsons77,
  author = 	 {Parsons, Talcott},
  ALTeditor = 	 {},
  title = 	 {Social systems and the evolution of action theory},
  publisher = 	 {The Free Press},
  year = 	 {1977},
  OPTkey = 	 {},
  OPTvolume = 	 {},
  OPTnumber = 	 {},
  OPTseries = 	 {},
  address = 	 {New York},
  OPTedition = 	 {},
  OPTmonth = 	 {},
  OPTnote = 	 {},
  OPTannote = 	 {}
}

@Book{Prigogine82,
  author = 	 "Prigogine, Ilya",
  title = 	 "Vom Sein zum Werden",
  publisher = 	 "Piper",
  year = 	 "1982",
  OPTcrossref =  "",
  OPTkey = 	 "",
  OPTeditor = 	 "",
  OPTvolume = 	 "",
  OPTnumber = 	 "",
  OPTseries = 	 "",
  address = 	 "M{\"u}nchen",
  OPTedition = 	 "",
  OPTmonth = 	 "",
  OPTnote = 	 "",
  OPTannote = 	 ""
}

@Book{Ronneberger92,
  author = 	 "Ronneberger, Franz",
  title = 	 "Theorie der Public Relations",
  publisher = 	 "Westdeutscher Verlag",
  year = 	 "1992",
  OPTcrossref =  "",
  OPTkey = 	 "",
  OPTeditor = 	 "",
  OPTvolume = 	 "",
  OPTnumber = 	 "",
  OPTseries = 	 "",
  address = 	 "Opladen",
  OPTedition = 	 "",
  OPTmonth = 	 "",
  OPTnote = 	 "",
  OPTannote = 	 ""
}

@Book{Shannon76,
  author =       "Shannon, Claude E. and Weaver, Warren",
  title =        "The mathematical theory of communication",
  publisher =    "University of
                  Illinois Press",
  year =         "1949",
  OPTkey =       "",
  OPTeditor =    "",
  OPTvolume =    "",
  OPTnumber =    "",
  OPTseries =    "",
  address =      "Urbana",
  OPTedition =   "",
  OPTmonth =     "",
  OPTpages =     "",
  OPTtype =      "",
  OPTnote =      "",
  OPTannote =    ""
}

@Book{Trappl83,
  OPTauthor = 	 "",
  title = 	 "Cybernetics: Theory and Application",
  publisher = 	 "Springer-Verlag",
  year = 	 "1983",
  OPTcrossref =  "",
  OPTkey = 	 "",
  editor = 	 "Trappl, Robert",
  OPTvolume = 	 "",
  OPTnumber = 	 "",
  OPTseries = 	 "",
  address = 	 "Berlin",
  OPTedition = 	 "",
  OPTmonth = 	 "",
  OPTnote = 	 "",
  OPTannote = 	 ""
}

@Book{VonFoerster85,
  author = 	 "Foerster, Heinz",
  title = 	 "Sicht und Einsicht: Versuche zu einer operativen
		  Erkenntnistheorie",
  publisher = 	 "Vieweg",
  year = 	 "1985",
  OPTcrossref =  "",
  OPTkey = 	 "",
  OPTeditor = 	 "",
  OPTvolume = 	 "",
  OPTnumber = 	 "",
  OPTseries = 	 "",
  address = 	 "Braunschweig",
  OPTedition = 	 "",
  OPTmonth = 	 "",
  OPTnote = 	 "",
  OPTannote = 	 ""
}

@Book{Watzlawick90,
  author = 	 "Watzlawick, Paul",
  title = 	 "Menschliche Kommunikation: Formen, St{\"o}rungen,
                  Paradoxien",
  publisher = 	 "Huber",
  year = 	 "1990",
  OPTcrossref =  "",
  OPTkey = 	 "",
  OPTeditor = 	 "",
  OPTvolume = 	 "",
  OPTnumber = 	 "",
  OPTseries = 	 "",
  address = 	 "Bern",
  edition = 	 "8",
  OPTmonth = 	 "",
  OPTnote = 	 "",
  OPTannote = 	 ""
}
		  
		  

@Book{Weberruss93,
  author = 	 "Weberru{\ss}, Volker Achim",
  title = 	 "Universality in Statistical Physics and Synergetics",
  publisher = 	 "Vieweg",
  year = 	 "1993",
  OPTcrossref =  "",
  OPTkey = 	 "",
  OPTeditor = 	 "",
  OPTvolume = 	 "",
  OPTnumber = 	 "",
  OPTseries = 	 "",
  address = 	 "Braunschweig/Wiesbaden",
  OPTedition = 	 "",
  OPTmonth = 	 "",
  OPTnote = 	 "",
  OPTannote = 	 ""
}

@InCollection{Weizsaecker74info1,
  author = 	 {von Weizsäcker, Ernst},
  title = 	 {Offene Systeme},
  booktitle = 	 {Offene Systeme I: Beiträge zur Zeitstruktur von 
                  Information, Entropie und Evolution},
  OPTcrossref =  {},
  OPTkey = 	 {},
  OPTpages = 	 {},
  publisher =    {Klett},
  year = 	 {1974},
  editor = 	 {von Weizsäcker, Ernst},
  OPTvolume = 	 {},
  OPTnumber = 	 {},
  OPTseries = 	 {},
  OPTtype = 	 {},
  OPTchapter = 	 {},
  address = 	 {Stuttgart},
  OPTedition = 	 {},
  OPTmonth = 	 {},
  OPTannote = 	 {Bibl. Philosophie (GA 3/41)
                  M.1974.(62)}
}

@InCollection{Boehme74,
  author = 	 {Böhme, Gernot},
  title = 	 {Information und Verständigung},
  booktitle = 	 {Offene Systeme I: Beiträge zur Zeitstruktur von 
                  Information, Entropie und Evolution},
  OPTcrossref =  {},
  OPTkey = 	 {},
  OPTpages = 	 {},
  publisher =    {Klett},
  year = 	 {1974},
  editor = 	 {von Weizsäcker, Ernst},
  OPTvolume = 	 {},
  OPTnumber = 	 {},
  OPTseries = 	 {},
  OPTtype = 	 {},
  OPTchapter = 	 {},
  address = 	 {Stuttgart},
  OPTedition = 	 {},
  OPTmonth = 	 {},
  OPTannote = 	 {Bibl. Philosophie (GA 3/41)
                  M.1974.(62)}
}

@Book{Wicken87,
  author = 	 "{Wick\-en}, {Jef\-frey} S.",
  title = 	 "Evolution, Thermodynamics and Information",
  publisher = 	 "Oxford University Press",
  year = 	 "1987",
  OPTcrossref =  "",
  OPTkey = 	 "",
  OPTeditor = 	 "",
  OPTvolume = 	 "",
  OPTnumber = 	 "",
  OPTseries = 	 "",
  address = 	 "New York",
  OPTedition = 	 "",
  OPTmonth = 	 "",
  OPTnote = 	 "",
  OPTannote = 	 ""
}

@Book{Wiener61,
  author = 	 "Wiener, Norbert",
  title = 	 "Cybernetics --- or control and communication in the
		  animal and the machine",
  publisher = 	 "The M.I.T. Press",
  year = 	 "1961",
  OPTcrossref =  "",
  OPTkey = 	 "",
  OPTeditor = 	 "",
  OPTvolume = 	 "",
  OPTnumber = 	 "",
  OPTseries = 	 "",
  address = 	 "Cambridge, Massachusetts",
  edition = 	 "2",
  OPTmonth = 	 "",
  OPTnote = 	 "",
  OPTannote = 	 ""
}

@Book{Winer71,
  author = 	 "Wiener, Norbert",
  title = 	 "Kybernetik: Regelung und Nachrichten{\"u}bertragung
		  in Lebewesen und Maschine",
  publisher = 	 "Rowohlt",
  year = 	 "1971",
  OPTcrossref =  "",
  OPTkey = 	 "",
  OPTeditor = 	 "",
  OPTvolume = 	 "",
  OPTnumber = 	 "",
  OPTseries = 	 "",
  address = 	 "Reinbek bei Hamburg",
  OPTedition = 	 "",
  OPTmonth = 	 "",
  OPTnote = 	 "",
  OPTannote = 	 ""
}

		  
@Book{Wittgenstein69,
  author = 	 "Wittgenstein, Ludwig",
  title = 	 "Tractatus logico-philosophicus --- Tagebücher 1914
		  -- 1916 --- Philosophische Untersuchungen",
  publisher = 	 "Suhrkamp Verlag",
  year = 	 "1969",
  OPTcrossref =  "",
  OPTkey = 	 "",
  OPTeditor = 	 "",
  OPTvolume = 	 "",
  OPTnumber = 	 "",
  OPTseries = 	 "",
  address = 	 "Frankfurt am Main",
  OPTedition = 	 "",
  OPTmonth = 	 "",
  OPTnote = 	 "",
  OPTannote = 	 ""
}

@Article{Yockey81,
  author = 	 "Yockey, H.P.",
  title = 	 "Self Organisation Origin of Life Scenarios and
		  Information Theory",
  OPTcrossref =  "",
  OPTkey = 	 "",
  journal = 	 "J. of Theoretical Biology",
  year = 	 "1981",
  volume = 	 "67",
  OPTnumber = 	 "",
  pages = 	 "377-398",
  OPTmonth = 	 "",
  OPTnote = 	 "",
  OPTannote = 	 ""
}





